@string{apl = {Appl. Phys. Lett.}}
@string{arpc = {Annu. Rev. Phys. Chem.}}
@string{assp = {Adv. Solid State Phys.}}
@string{cise = {Computing in Science and Eng.}}
@string{cpl = {Chem. Phys. Lett.}}
@string{epl = {Europhys. Lett.}}
@string{ijqc = {Int. J. Quant. Chem.}}
@string{jap = {J. Appl. Phys.}}
@string{jce = {J. Comput. Electron.}}
@string{jcg = {J. Cryst. Growth}}
@string{jcp = {J. Chem. Phys.}}
@string{jem = {J. Elec. Mat.}}
@string{jltp = {J. of Low Temp. Phys.}}
@string{jp = {J. Physique}}
@string{jpc = {J. Phys. Chem.}}
@string{jpcb = {J. Phys. Chem. B}}
@string{jpcm = {J. Phys.: Condens. Matter}}
@string{jsp = {J. Stat. Phys.}}
@string{mrs = {MRS Bull.}}
@string{nature = {Nature}}
@string{npa = {Nuc. Phys. A}}
@string{pe = {Physica E}}
@string{pla = {Phys. Lett. A}}
@string{plb = {Phys. Lett. B}}
@string{pnas = {Proc. Nat. Acad. Sci.}}
@string{pr = {Phys. Rev}}
@string{pra = {Phys. Rev. A}}
@string{prb = {Phys. Rev. B}}
@string{prc = {Phys. Rev. C}}
@string{prd = {Phys. Rev. D}}
@string{pre = {Phys. Rev. E}}
@string{prl = {Phys. Rev. Lett.}}
@string{pssa = {Phys. Stat. Sol. (a)}}
@string{pssb = {Phys. Stat. Sol. (b)}}
@string{rmp = {Rev. Mod. Phys.}}
@string{science = {Science}}
@string{sm = {Superlattices and Microstructures}}
@string{ssc = {Solid State Comm.}}
@string{sst = {Semicond. Sci. Technol.}}

@misc{morrison_MSA_2018,
      title={Multiple Sequence Alignment is not a Solved Problem},
      author={David A. Morrison},
      year={2018},
      eprint={1808.07717},
      archivePrefix={arXiv},
      primaryClass={q-bio.PE}
}

@article{metrics_blackburne_whelan_2011,
    author = {Blackburne, Benjamin P. and Whelan, Simon},
    title = "{Measuring the distance between multiple sequence alignments}",
    journal = {Bioinformatics},
    volume = {28},
    number = {4},
    pages = {495-502},
    year = {2011},
    month = {12},
    issn = {1367-4803},
    doi = {10.1093/bioinformatics/btr701},
    url = {https://doi.org/10.1093/bioinformatics/btr701},
    eprint = {https://academic.oup.com/bioinformatics/article-pdf/28/4/495/563214/btr701.pdf}
}

@article{sequence_aln_morrison_2010,
    author = {Morrison, David A.},
    title = "{Sequence Alignment: Methods, Models, Concepts, and Strategies}",
    journal = {Systematic Biology},
    volume = {59},
    number = {3},
    pages = {363-365},
    year = {2010},
    month = {02},
    issn = {1063-5157},
    doi = {10.1093/sysbio/syq001},
    url = {https://doi.org/10.1093/sysbio/syq001},
    eprint = {https://academic.oup.com/sysbio/article-pdf/59/3/363/24206845/syq001.pdf}
}

@article{problems_cartwright_2009,
  title={Problems and solutions for estimating indel rates and length distributions},
  author={Cartwright, Reed A},
  journal={Molecular biology and evolution},
  volume={26},
  number={2},
  pages={473--480},
  year={2009},
  publisher={Oxford University Press}
}

@book{sequence_alignment_rosenberg_2009,
  title={Sequence alignment: methods, models, concepts, and strategies},
  author={Rosenberg, Michael S},
  year={2009},
  publisher={Univ of California Press}
}

@article{MSA_kumar_2007,
  title={Multiple sequence alignment: in pursuit of homologous DNA positions},
  author={Kumar, Sudhir and Filipski, Alan},
  journal={Genome research},
  volume={17},
  number={2},
  pages={127--135},
  year={2007},
  publisher={Cold Spring Harbor Lab}
}

@article{identification_smith_1981,
  title={Identification of common molecular subsequences},
  author={Smith, Temple F and Waterman, Michael S and others},
  journal={Journal of molecular biology},
  volume={147},
  number={1},
  pages={195--197},
  year={1981},
  publisher={Elsevier Science}
}

@article{estimates_schneider_2009,
  title={Estimates of positive Darwinian selection are inflated by errors in sequencing, annotation, and alignment},
  author={Schneider, Adrian and Souvorov, Alexander and Sabath, Niv and Landan, Giddy and Gonnet, Gaston H and Graur, Dan},
  journal={Genome biology and evolution},
  volume={1},
  pages={114--118},
  year={2009},
  publisher={Narnia}
}

@article{art_morrison_2015,
  title={Is sequence alignment an art or a science?},
  author={Morrison, David A},
  journal={Systematic Botany},
  volume={40},
  number={1},
  pages={14--26},
  year={2015},
  publisher={American Society of Plant Taxonomists}
}

@article{ensembl_hubbard_2002,
  title={The Ensembl genome database project},
  author={Hubbard, Tim and Barker, Daniel and Birney, Ewan and Cameron, Graham and Chen, Yuan and Clark, L and Cox, Tony and Cuff, J and Curwen, Val and Down, Thomas and others},
  journal={Nucleic acids research},
  volume={30},
  number={1},
  pages={38--41},
  year={2002},
  publisher={Oxford University Press}
}

@incollection{prank_loytynoja_2014,
  title={Phylogeny-aware alignment with PRANK},
  author={L{\"o}ytynoja, Ari},
  booktitle={Multiple sequence alignment methods},
  pages={155--170},
  year={2014},
  publisher={Springer}
}

@article{mafft_katoh_2002,
  title={MAFFT: a novel method for rapid multiple sequence alignment based on fast Fourier transform},
  author={Katoh, Kazutaka and Misawa, Kazuharu and Kuma, Kei-ichi and Miyata, Takashi},
  journal={Nucleic acids research},
  volume={30},
  number={14},
  pages={3059--3066},
  year={2002},
  publisher={Oxford University Press}
}

@article{clustal_omega_sievers_2011,
  title={Fast, scalable generation of high-quality protein multiple sequence alignments using Clustal Omega},
  author={Sievers, Fabian and Wilm, Andreas and Dineen, David and Gibson, Toby J and Karplus, Kevin and Li, Weizhong and Lopez, Rodrigo and McWilliam, Hamish and Remmert, Michael and S{\"o}ding, Johannes and others},
  journal={Molecular systems biology},
  volume={7},
  number={1},
  pages={539},
  year={2011},
  publisher={John Wiley \& Sons, Ltd Chichester, UK}
}

% not used
@article{effect_fletcher_2010,
  title={The effect of insertions, deletions, and alignment errors on the branch-site test of positive selection},
  author={Fletcher, William and Yang, Ziheng},
  journal={Molecular biology and evolution},
  volume={27},
  number={10},
  pages={2257--2267},
  year={2010},
  publisher={Oxford University Press}
}

% not used
@article{effects_jordan_2012,
  title={The effects of alignment error and alignment filtering on the sitewise detection of positive selection},
  author={Jordan, Gregory and Goldman, Nick},
  journal={Molecular biology and evolution},
  volume={29},
  number={4},
  pages={1125--1139},
  year={2012},
  publisher={Oxford University Press}
}

% not used
@article{ka_ks_li_1993,
  title={Unbiased estimation of the rates of synonymous and nonsynonymous substitution},
  author={Li, Wen-Hsiung},
  journal={Journal of molecular evolution},
  volume={36},
  number={1},
  pages={96--99},
  year={1993},
  publisher={Springer}
}

@inproceedings{indel_phases_zhu_2019,
author={Ziqi Zhu and Reed A. Cartwright},
booktitle={Biodesign FUSION Scientific Retreat, Phoenix, AZ},
title={Poster: Profilling of Indel Phases in Coding Regions},
year={2019}
}

% not used
@article{guidelines_vihinen_2020,
    author = {Vihinen, Mauno},
    title = "{Guidelines for systematic reporting of sequence alignments}",
    journal = {Biology Methods and Protocols},
    volume = {5},
    number = {1},
    year = {2020},
    month = {01},
    issn = {2396-8923},
    doi = {10.1093/biomethods/bpaa001},
    url = {https://doi.org/10.1093/biomethods/bpaa001},
    note = {bpaa001},
    eprint = {https://academic.oup.com/biomethods/article-pdf/5/1/bpaa001/33167677/bpaa001.pdf}
}

@article{gotoh_1982,
  title={An improved algorithm for matching biological sequences},
  author={Gotoh, Osamu},
  journal={Journal of molecular biology},
  volume={162},
  number={3},
  pages={705--708},
  year={1982},
  publisher={Elsevier}
}

@incollection{mafft_katoh_2009,
  title={Multiple alignment of DNA sequences with MAFFT},
  author={Katoh, Kazutaka and Asimenos, George and Toh, Hiroyuki},
  booktitle={Bioinformatics for DNA sequence analysis},
  pages={39--64},
  year={2009},
  publisher={Springer}
}

@article{katoh2013mafft,
  title={MAFFT multiple sequence alignment software version 7: improvements in performance and usability},
  author={Katoh, Kazutaka and Standley, Daron M},
  journal={Molecular biology and evolution},
  volume={30},
  number={4},
  pages={772--780},
  year={2013},
  publisher={Society for Molecular Biology and Evolution}
}


@article{wong_alignment_2008,
  title={Alignment uncertainty and genomic analysis},
  author={Wong, Karen M and Suchard, Marc A and Huelsenbeck, John P},
  journal={Science},
  volume={319},
  number={5862},
  pages={473--476},
  year={2008},
  publisher={American Association for the Advancement of Science}
}

@article{framework_morrison_2009,
  title={A framework for phylogenetic sequence alignment},
  author={Morrison, David A},
  journal={Plant Systematics and Evolution},
  volume={282},
  number={3},
  pages={127--149},
  year={2009},
  publisher={Springer}
}

@article{yoon_2009_hmm,
  title={Hidden Markov models and their applications in biological sequence analysis},
  author={Yoon, Byung-Jun},
  journal={Current genomics},
  volume={10},
  number={6},
  pages={402--415},
  year={2009},
  publisher={Bentham Science Publishers}
}

@article{cornish_1985_nomenclature,
  title={Nomenclature for incompletely specified bases in nucleic acid sequences: recommendations 1984.},
  author={Cornish-Bowden, Athel},
  journal={Nucleic acids research},
  volume={13},
  number={9},
  pages={3021},
  year={1985},
  publisher={Oxford University Press}
}

@article{dempster_laird_rubin_EM_1977,
 ISSN = {00359246},
 URL = "{http://www.jstor.org/stable/2984875}",
 abstract = {A broadly applicable algorithm for computing maximum likelihood estimates from incomplete data is presented at various levels of generality. Theory showing the monotone behaviour of the likelihood and convergence of the algorithm is derived. Many examples are sketched, including missing value situations, applications to grouped, censored or truncated data, finite mixture models, variance component estimation, hyperparameter estimation, iteratively reweighted least squares and factor analysis.},
 author = {A. P. Dempster and N. M. Laird and D. B. Rubin},
 journal = {Journal of the Royal Statistical Society. Series B (Methodological)},
 number = {1},
 pages = {1--38},
 publisher = {[Royal Statistical Society, Wiley]},
 title = {Maximum Likelihood from Incomplete Data via the EM Algorithm},
 urldate = {2022-04-15},
 volume = {39},
 year = {1977}
}

@article{muse_gaut_1994,
  title={A likelihood approach for comparing synonymous and nonsynonymous nucleotide substitution rates, with application to the chloroplast genome.},
  author={Muse, Spencer V and Gaut, Brandon S},
  journal={Molecular biology and evolution},
  volume={11},
  number={5},
  pages={715--724},
  year={1994}
}

@article{kosiol_ECM_2007,
  title={An empirical codon model for protein sequence evolution},
  author={Kosiol, Carolin and Holmes, Ian and Goldman, Nick},
  journal={Molecular biology and evolution},
  volume={24},
  number={7},
  pages={1464--1479},
  year={2007},
  publisher={Oxford University Press}
}

@article{tavare_gtr_1986,
  title={Some probabilistic and statistical problems in the analysis of DNA sequences},
  author={Tavar{\'e}, Simon and others},
  journal={Lectures on mathematics in the life sciences},
  volume={17},
  number={2},
  pages={57--86},
  year={1986}
}

@article{suchard_baliphy_2006,
  title={BAli-Phy: simultaneous Bayesian inference of alignment and phylogeny},
  author={Suchard, Marc A and Redelings, Benjamin D},
  journal={Bioinformatics},
  volume={22},
  number={16},
  pages={2047--2048},
  year={2006},
  publisher={Oxford University Press}
}

@article{ranwez_macse_2011,
  title={MACSE: Multiple Alignment of Coding SEquences accounting for frameshifts and stop codons},
  author={Ranwez, Vincent and Harispe, S{\'e}bastien and Delsuc, Fr{\'e}d{\'e}ric and Douzery, Emmanuel JP},
  journal={PloS one},
  volume={6},
  number={9},
  pages={e22594},
  year={2011},
  publisher={Public Library of Science San Francisco, USA}
}

@article{holmes_em_2005,
  title={Using evolutionary expectation maximization to estimate indel rates},
  author={Holmes, Ian},
  journal={Bioinformatics},
  volume={21},
  number={10},
  pages={2294--2300},
  year={2005},
  publisher={Oxford University Press}
 }

@article{myers_miller_1988,
  title={Optimal alignments in linear space},
  author={Myers, Eugene W and Miller, Webb},
  journal={Bioinformatics},
  volume={4},
  number={1},
  pages={11--17},
  year={1988},
  publisher={Oxford University Press}
}

@article{stephens2009divergence,
  title={Divergence without difference: phylogenetics and taxonomy of Chlamydia resolved},
  author={Stephens, Richard S and Myers, Garry and Eppinger, Mark and Bavoil, Patrik M},
  journal="{FEMS Immunology \& Medical Microbiology}",
  volume={55},
  number={2},
  pages={115--119},
  year={2009},
  publisher={Blackwell Publishing Ltd Oxford}
}

@article{abascal2010translatorx,
  title={TranslatorX: multiple alignment of nucleotide sequences guided by amino acid translations},
  author={Abascal, Federico and Zardoya, Rafael and Telford, Maximilian J},
  journal={Nucleic acids research},
  volume={38},
  pages={W7--W13},
  year={2010},
  publisher={Oxford University Press}
}

@article{bininda2005transalign,
  title={transAlign: using amino acids to facilitate the multiple alignment of protein-coding DNA sequences},
  author="{Bininda-Emonds, Olaf}",
  journal={BMC bioinformatics},
  volume={6},
  number={1},
  pages={1--6},
  year={2005},
  publisher={Springer}
}

@article{bradley2007transducers,
  title="Transducers: an emerging probabilistic framework for modeling indels on trees.",
  author={Bradley, Robert K and Holmes, Ian},
  journal={Bioinformatics},
  volume={23},
  number={23},
  year={2007},
  publisher={Citeseer}
}

@article{holmes2002expectation,
  title={An expectation maximization algorithm for training hidden substitution models},
  author={Holmes, I and Rubin, GM},
  journal={Journal of molecular biology},
  volume={317},
  number={5},
  pages={753--764},
  year={2002},
  publisher={Elsevier}
}

@article{jukes1969mammalian,
  title={Mammalian protein metabolism},
  author={Jukes, THOMAS H and Cantor, Charles R and Munro, HN and others},
  year={1969}
}

@article{hasegawa1985dating,
  title={Dating of the human-ape splitting by a molecular clock of mitochondrial DNA},
  author={Hasegawa, Masami and Kishino, Hirohisa and Yano, Taka-aki},
  journal={Journal of molecular evolution},
  volume={22},
  number={2},
  pages={160--174},
  year={1985},
  publisher={Springer}
}

@article{tamura1993estimation,
  title={Estimation of the number of nucleotide substitutions in the control region of mitochondrial DNA in humans and chimpanzees.},
  author={Tamura, Koichiro and Nei, Masatoshi},
  journal={Molecular biology and evolution},
  volume={10},
  number={3},
  pages={512--526},
  year={1993}
}

@article{cartwright2005dawg,
  title={DNA assembly with gaps (Dawg): simulating sequence evolution},
  author={Cartwright, Reed A},
  journal={Bioinformatics},
  volume={21},
  number={Suppl\_3},
  pages={iii31--iii38},
  year={2005},
  publisher={Oxford University Press}
}

@article{holmes2001evolutionary,
  title={Evolutionary HMMs: a Bayesian approach to multiple alignment},
  author={Holmes, Ian and Bruno, William J},
  journal={Bioinformatics},
  volume={17},
  number={9},
  pages={803--820},
  year={2001},
  publisher={Oxford University Press}
}

@article{henikoff1992amino,
  title={Amino acid substitution matrices from protein blocks},
  author={Henikoff, Steven and Henikoff, Jorja G},
  journal={Proceedings of the National Academy of Sciences},
  volume={89},
  number={22},
  pages={10915--10919},
  year={1992},
  publisher={National Acad Sciences}
}

@article{jackman2018tigmint,
  title={Tigmint: correcting assembly errors using linked reads from large molecules},
  author={Jackman, Shaun D and Coombe, Lauren and Chu, Justin and Warren, Rene L and Vandervalk, Benjamin P and Yeo, Sarah and Xue, Zhuyi and Mohamadi, Hamid and Bohlmann, Joerg and Jones, Steven JM and others},
  journal={BMC bioinformatics},
  volume={19},
  number={1},
  pages={1--10},
  year={2018},
  publisher={BioMed Central}
}

@article{hu2012predicting,
  title={Predicting the effects of frameshifting indels},
  author={Hu, Jing and Ng, Pauline C},
  journal={Genome biology},
  volume={13},
  number={2},
  pages={1--11},
  year={2012},
  publisher={Springer}
}

@inproceedings{allauzen2007openfst,
  title={OpenFst: A general and efficient weighted finite-state transducer library},
  author={Allauzen, Cyril and Riley, Michael and Schalkwyk, Johan and Skut, Wojciech and Mohri, Mehryar},
  booktitle={International Conference on Implementation and Application of Automata},
  pages={11--23},
  year={2007},
  organization={Springer}
}

@Article{Needleman1970,
  author    = {Saul B. Needleman and Christian D. Wunsch},
  journal   = {Journal of Molecular Biology},
  title     = {A general method applicable to the search for similarities in the amino acid sequence of two proteins},
  year      = {1970},
  month     = {mar},
  number    = {3},
  pages     = {443--453},
  volume    = {48},
  doi       = {10.1016/0022-2836(70)90057-4},
  publisher = {Elsevier {BV}},
}

@phdthesis{zhu2022profiling,
  title={Profiling of Indel Phases in Coding Regions},
  author={Zhu, Ziqi},
  year={2022},
  school={Arizona State University}
}

@article{taylor2004occurrence,
  title={Occurrence and consequences of coding sequence insertions and deletions in Mammalian genomes},
  author={Taylor, Martin S and Ponting, Chris P and Copley, Richard R},
  journal={Genome research},
  volume={14},
  number={4},
  pages={555--566},
  year={2004},
  publisher={Cold Spring Harbor Lab}
}

@article{hubisz2011error,
  title={Error and error mitigation in low-coverage genome assemblies},
  author={Hubisz, Melissa J and Lin, Michael F and Kellis, Manolis and Siepel, Adam},
  journal={PloS one},
  volume={6},
  number={2},
  pages={e17034},
  year={2011},
  publisher={Public Library of Science San Francisco, USA}
}

@article{kodama2012sequence,
  title={The Sequence Read Archive: explosive growth of sequencing data},
  author={Kodama, Yuichi and Shumway, Martin and Leinonen, Rasko},
  journal={Nucleic acids research},
  volume={40},
  number={D1},
  pages={D54--D56},
  year={2012},
  publisher={Oxford University Press}
} 

@InCollection{seqinr,
  author = {D. Charif and J.R. Lobry},
  title = {Seqin{R} 1.0-2: a contributed package to the {R} project
    for statistical computing devoted to biological sequences
    retrieval and analysis.},
  booktitle = {Structural approaches to sequence evolution:
    Molecules, networks, populations},
  year = {2007},
  editor = {U. Bastolla and M. Porto and H.E. Roman and M.
    Vendruscolo},
  series = {Biological and Medical Physics, Biomedical Engineering},
  pages = {207-232},
  address = {New York},
  publisher = {Springer Verlag},
  note = {{ISBN :} 978-3-540-35305-8},
}

@article{aniba2010msa,
  author = {Aniba, Mohamed Radhouene and Poch, Olivier and Thompson, Julie D.},
  title = "{Issues in bioinformatics benchmarking: the case study of multiple sequence alignment}",
  journal = {Nucleic Acids Research},
  volume = {38},
  number = {21},
  pages = {7353-7363},
  year = {2010},
  month = {07},
  issn = {0305-1048},
  doi = {10.1093/nar/gkq625},
  url = {https://doi.org/10.1093/nar/gkq625},
  eprint = {https://academic.oup.com/nar/article-pdf/38/21/7353/7186841/gkq625.pdf},
}

@article{zhang2021taper,
  title={TAPER: Pinpointing errors in multiple sequence alignments despite varying rates of evolution},
  author={Zhang, Chao and Zhao, Yiming and Braun, Edward L and Mirarab, Siavash},
  journal={Methods in Ecology and Evolution},
  volume={12},
  number={11},
  pages={2145--2158},
  year={2021},
  publisher={Wiley Online Library}
}

@book{durbin1998biological,
  title={Biological sequence analysis: probabilistic models of proteins and nucleic acids},
  author={Durbin, Richard and Eddy, Sean R and Krogh, Anders and Mitchison, Graeme},
  year={1998},
  publisher={Cambridge university press}
}

@article{sullivan2005model,
  title={Model selection in phylogenetics},
  author={Sullivan, Jack and Joyce, Paul},
  journal={Annu. Rev. Ecol. Evol. Syst.},
  volume={36},
  pages={445--466},
  year={2005},
  publisher={Annual Reviews}
}

@article{delport2009models,
  title={Models of coding sequence evolution},
  author={Delport, Wayne and Scheffler, Konrad and Seoighe, Cathal},
  journal={Briefings in bioinformatics},
  volume={10},
  number={1},
  pages={97--109},
  year={2009},
  publisher={Oxford University Press}
}

@article{cartwright2006logarithmic,
  title={Logarithmic gap costs decrease alignment accuracy},
  author={Cartwright, Reed A},
  journal={BMC bioinformatics},
  volume={7},
  number={1},
  pages={1--12},
  year={2006},
  publisher={BioMed Central}
}

@article{whelan2006pandit,
  title={PANDIT: an evolution-centric database of protein and associated nucleotide domains with inferred trees},
  author={Whelan, Simon and de Bakker, Paul IW and Quevillon, Emmanuel and Rodriguez, Nicolas and Goldman, Nick},
  journal={Nucleic Acids Research},
  volume={34},
  number={suppl\_1},
  pages={D327--D331},
  year={2006},
  publisher={Oxford University Press}
}

@article{ly2022alisim,
  title={AliSim: a fast and versatile phylogenetic sequence simulator for the genomic era},
  author={Ly-Trong, Nhan and Naser-Khdour, Suha and Lanfear, Robert and Minh, Bui Quang},
  journal={Molecular biology and evolution},
  volume={39},
  number={5},
  pages={msac092},
  year={2022},
  publisher={Oxford University Press}
}

@article{fletcher2009indelible,
  title={INDELible: a flexible simulator of biological sequence evolution},
  author={Fletcher, William and Yang, Ziheng},
  journal={Molecular biology and evolution},
  volume={26},
  number={8},
  pages={1879--1888},
  year={2009},
  publisher={Oxford University Press}
}

@article{thompson2005balibase,
  title={BAliBASE 3.0: latest developments of the multiple sequence alignment benchmark},
  author={Thompson, Julie D and Koehl, Patrice and Ripp, Raymond and Poch, Olivier},
  journal={Proteins: Structure, Function, and Bioinformatics},
  volume={61},
  number={1},
  pages={127--136},
  year={2005},
  publisher={Wiley Online Library}
}

@article{raghava2003oxbench,
  title={OXBench: a benchmark for evaluation of protein multiple sequence alignment accuracy},
  author={Raghava, GPS and Searle, Stephen MJ and Audley, Patrick C and Barber, Jonathan D and Barton, Geoffrey J},
  journal={BMC bioinformatics},
  volume={4},
  number={1},
  pages={1--23},
  year={2003},
  publisher={BioMed Central}
}

@phdthesis{orlova2010mathematical,
  title={Mathematical models, algorithms, and statistics of sequence alignment},
  author={Orlova, Tatiana Aleksandrovna},
  year={2010},
  school={University of South Carolina}
}

@article{crick1970central,
  title={Central dogma of molecular biology},
  author={Crick, Francis},
  journal={Nature},
  volume={227},
  number={5258},
  pages={561--563},
  year={1970},
  publisher={Nature Publishing Group UK London}
}

@article{penn2010guidance,
  title={GUIDANCE: a web server for assessing alignment confidence scores},
  author={Penn, Osnat and Privman, Eyal and Ashkenazy, Haim and Landan, Giddy and Graur, Dan and Pupko, Tal},
  journal={Nucleic acids research},
  volume={38},
  number={suppl\_2},
  pages={W23--W28},
  year={2010},
  publisher={Oxford University Press}
}

@article{lassmann2005mumsa,
  title={Automatic assessment of alignment quality},
  author={Lassmann, Timo and Sonnhammer, Erik LL},
  journal={Nucleic acids research},
  volume={33},
  number={22},
  pages={7120--7128},
  year={2005},
  publisher={Oxford University Press}
}

@article{wu2012zorro,
  title={Accounting for alignment uncertainty in phylogenomics},
  author={Wu, Martin and Chatterji, Sourav and Eisen, Jonathan A},
  journal={PloS one},
  volume={7},
  number={1},
  pages={e30288},
  year={2012},
  publisher={Public Library of Science San Francisco, USA}
}

@article{yachdav2016msaviewer,
  title={MSAViewer: interactive JavaScript visualization of multiple sequence alignments},
  author={Yachdav, Guy and Wilzbach, Sebastian and Rauscher, Benedikt and Sheridan, Robert and Sillitoe, Ian and Procter, James and Lewis, Suzanna E and Rost, Burkhard and Goldberg, Tatyana},
  journal={Bioinformatics},
  volume={32},
  number={22},
  pages={3501--3503},
  year={2016},
  publisher={Oxford University Press}
}

@article{zhou2022ggmsa,
  title={ggmsa: A visual exploration tool for multiple sequence alignment and associated data},
  author={Zhou, Lang and Feng, Tingze and Xu, Shuangbin and Gao, Fangluan and Lam, Tommy T and Wang, Qianwen and Wu, Tianzhi and Huang, Huina and Zhan, Li and Li, Lin and others},
  journal={Briefings in Bioinformatics},
  volume={23},
  number={4},
  pages={bbac222},
  year={2022},
  publisher={Oxford University Press}
}

@article{gibbs1970dotplot,
  title={The diagram, a method for comparing sequences: Its use with amino acid and nucleotide sequences},
  author={Gibbs, Adrian J and McIntyre, George A},
  journal={European journal of biochemistry},
  volume={16},
  number={1},
  pages={1--11},
  year={1970},
  publisher={Blackwell Publishing Ltd Oxford, UK}
}

@article{cabanettes2018dgenies,
  title={D-GENIES: dot plot large genomes in an interactive, efficient and simple way},
  author={Cabanettes, Flor{\'e}al and Klopp, Christophe},
  journal={PeerJ},
  volume={6},
  pages={e4958},
  year={2018},
  publisher={PeerJ Inc.}
}

@article{sonnhammer1995dot,
  title={A dot-matrix program with dynamic threshold control suited for genomic DNA and protein sequence analysis},
  author={Sonnhammer, Erik LL and Durbin, Richard},
  journal={Gene},
  volume={167},
  number={1-2},
  pages={GC1--GC10},
  year={1995},
  publisher={Elsevier}
}

@misc{schulz2008code10,
  title={Introduction to dot-plots},
  author={Schulz, Jan and Leese, Florian and Held, Christoph},
  url={http://www.code10.info/images/c10_files/algorithms/dot-plots/Fig%206%20-%20Schematische%20Dotplot%20Signaturen.gif},
  year=2008
}

@techreport{machler2012log1m,
  title={Accurately Computing log (1- exp (-| a|)) Assessed by the Rmpfr package},
  author={M{\"a}chler, Martin},
  year={2012},
  institution={Technical report}
}

@article{kullback1951KLD,
  title={On information and sufficiency},
  author={Kullback, Solomon and Leibler, Richard A},
  journal={The annals of mathematical statistics},
  volume={22},
  number={1},
  pages={79--86},
  year={1951},
  publisher={JSTOR}
}

@Manual{statisticat2021laplacesdemon,
  author = {{Statisticat} and {LLC.}},
  year = {2021},
  title = {LaplacesDemon: Complete Environment for Bayesian Inference},
  note = {R package version 16.1.6},
  url = {https://web.archive.org/web/20150206004624/http://www.bayesian-inference.com/software},
  publisher = {Bayesian-Inference.com},
}

@article{yang1994estimating,
  title={Estimating the pattern of nucleotide substitution},
  author={Yang, Ziheng},
  journal={Journal of molecular evolution},
  volume={39},
  pages={105--111},
  year={1994},
  publisher={Springer}
}

@article{sharpsteen2023tikzdevice,
  title={Package ‘tikzDevice’},
  author={Sharpsteen, Charlie and Bracken, Cameron and M{\"u}ller, Kirill and Xie, Yihui and Stubner, Ralf and Bellack, Nico},
  year={2023}
}

@article{silvestre2021machine,
  title={Machine Boss: rapid prototyping of bioinformatic automata},
  author={Silvestre-Ryan, Jordi and Wang, Yujie and Sharma, Mehak and Lin, Stephen and Shen, Yolanda and Dider, Shihab and Holmes, Ian},
  journal={Bioinformatics},
  volume={37},
  number={1},
  pages={29--35},
  year={2021},
  publisher={Oxford University Press}
}

@article{clancy2008translation,
  title={Translation: DNA to mRNA to},
  author={Clancy, S and Brown, W},
  journal={Nature Education},
  year={2008}
}

@article{sela2015guidance2,
  title={GUIDANCE2: accurate detection of unreliable alignment regions accounting for the uncertainty of multiple parameters},
  author={Sela, Itamar and Ashkenazy, Haim and Katoh, Kazutaka and Pupko, Tal},
  journal={Nucleic acids research},
  volume={43},
  number={W1},
  pages={W7--W14},
  year={2015},
  publisher={Oxford University Press}
}

@article{landan2007heads,
  title={Heads or tails: a simple reliability check for multiple sequence alignments},
  author={Landan, Giddy and Graur, Dan},
  journal={Molecular biology and evolution},
  volume={24},
  number={6},
  pages={1380--1383},
  year={2007},
  publisher={Oxford University Press}
}

@article{de1981causes,
  title={Causes of more frequent deletions than insertions in mutations and protein evolution},
  author={de Jong, Wilfried W and Ryd{\'e}n, Lars},
  journal={Nature},
  volume={290},
  number={5802},
  pages={157--159},
  year={1981},
  publisher={Nature Publishing Group UK London}
}

@article{zhang2003patterns,
  title={Patterns of nucleotide substitution, insertion and deletion in the human genome inferred from pseudogenes},
  author={Zhang, Zhaolei and Gerstein, Mark},
  journal={Nucleic acids research},
  volume={31},
  number={18},
  pages={5338--5348},
  year={2003},
  publisher={Oxford University Press}
}

@Comment{jabref-meta: databaseType:bibtex;}
